@misc{JSON,
author={Anthony Bargnesi},
title={JSON Graph Format (JGF)},
howpublished={\url{http://jsongraphformat.info/}},
note={Accessed:26/10/2019},
year={2019}
}

@misc{GephiFormat,
author={Gephi},
title={Supported Graph Formats},
howpublished={\url{https://gephi.org/users/supported-graph-formats/}},
note={Accessed:26/10/2019},
year={2018}
}

@misc{GraphML,
author={GraphML Working Group},
title={GraphML Specification},
howpublished={\url{http://graphml.graphdrawing.org/specification.html}},
note={Accessed:26/10/2019},
year={2007}
}

@misc{GEXF,
author={Gexf Working Group},
title={GEXF File Format},
howpublished={\url{https://gephi.org/gexf/format/}},
note={Accessed:26/10/2019},
year={2018}
}